@book{Hows.2015,
 abstract = {{\`A}press},
 author = {Hows, David},
 year = {2015},
 title = {The definitive guide to MongoDB: A complete guide to dealing with big data using MongoDB},
 keywords = {Install-MongoDB;MongoDB},
 address = {Berkeley CA},
 edition = {3},
 publisher = {Apress},
 isbn = {9781484211830},
 series = {The expert voice in open source}
}

@book{Vohra.2016,
 author = {Vohra, Deepak},
 year = {2016},
 title = {Pro Docker},
 keywords = {Docker;VM},
 address = {Berkeley, California},
 publisher = {Apress},
 isbn = {978-1-4842-1829-7},
 series = {The expert's voice in open source},
 doi = {10.1007/978-1-4842-1830-3}
}

@book{giamas2019mastering,
  title={Mastering MongoDB 4. x: Expert techniques to run high-volume and fault-tolerant database solutions using MongoDB 4. x},
  author={Giamas, Alex},
  year={2019},
  publisher={Packt Publishing Ltd}
}

@misc{gas-sensor-datenblatt,
 title = {Datenblatt 1273387 Figaro Gas Sensor},
 publisher={FIGARO GROUP},
 urldate = {14.09.2020},
 note = {Verfügbar unter \url{https://asset.conrad.com/media10/add/160267/c1/-/en/001273387DS01/
 datenblatt-1273387-figaro-gas-sensor-tgs-2620-passend-fuer-gase \break
 -isobutan-methangas-wasserstoff-kohlenmonoxid \break
 -methylmercaptan-hydrogens.pdf}, abgerufen am \date{14. September 2020}}
}


@misc{figaro-gas-sensor,
 abstract = {Top Figaro Auswahl ✓ Schnelle {\&} versandkostenfreie Lieferung ab 59,50 {\text\euro} m{\"o}glich ➥ Jetzt g{\"u}nstig online kaufen: Figaro Gas-Sensor TGS-2620 Passend f{\"u}r Gase: Isobutan, Methangas, Wasserstoff, Kohlenmonoxid, Methylmercaptan, Hydrogens},
 year = {2020-09-14T18:17:30.000Z},
 title = {Figaro Gas-Sensor TGS-2620 f{\"u}r Gase: Isobutan, Methangas, Wasserstoff, Kohlenmonoxid, Methylmercaptan und Hydrogens},
 url = {https://www.conrad.de/de/p/figaro-gas-sensor-tgs-2620-passend-fuer-gase-isobutan-methangas-wasserstoff-kohlenmonoxid-methylmercaptan-hydrogens-1273387.html},
 urldate = {2020-09-14T18:17:30.831Z},
 note = {Verfügbar unter \url{https://www.conrad.de/de/p/figaro-gas-sensor-tgs-2620-passend-fuer-gase-\break
 isobutan-methangas-wasserstoff-\break kohlenmonoxid-methylmercaptan-hydrogens-1273387.html}, abgerufen am \date{14. September 2020}}
}


@misc{joy-it-sensor,
 abstract = {Top Joy-it Auswahl ✓ Schnelle {\&} versandkostenfreie Lieferung ab 59,50 {\text\euro} m{\"o}glich ➥ Jetzt g{\"u}nstig online kaufen: Joy-it SEN-KY015TF   1 St.},
 year = {2020-09-14T18:17:26.000Z},
 title = {Joy-it SEN-KY015TF 1 St. kaufen},
 url = {https://www.conrad.de/de/p/joy-it-sen-ky015tf-1-st-1695379.html},
 urldate = {2020-09-14T18:17:26.073Z},
 note = {Verfügbar unter \url{https://www.conrad.de/de/p/joy-it-sen-ky015tf-1-st-1695379.html}, abgerufen am \date{14. September 2020}}
}


@misc{TheThingsNetwork-Gateway.2020,
 abstract = {The Things Gateway},
 author = {{The Things Network}},
 year = {2020},
 title = {The Things Gateway},
 url = {https://www.thethingsnetwork.org/docs/gateways/gateway/},
 urldate = {2020-09-14T18:16:43.260Z},
 note = {Verfügbar unter \url{https://www.thethingsnetwork.org/docs/gateways/gateway/}, abgerufen am \date{14. September 2020}}
}

@misc{TheThingsNetwork-Uno.2020,
 abstract = {The Things Uno},
 author = {{The Things Network}},
 year = {2020},
 title = {The Things Uno},
 url = {https://www.thethingsnetwork.org/docs/devices/uno/},
 urldate = {2020-09-14T18:21:37.577Z},
 note = {Verfügbar unter \url{https://www.thethingsnetwork.org/docs/devices/uno/}, abgerufen am \date{14. September 2020}}
}


@misc{seeed-wiki,
 abstract = {Seeed Product Document},
 author = {Zuo, Baozhu},
 year = {2020-09-14T11:00:21.000Z},
 title = {Grove - Gas Sensor(MQ9) - Seeed Wiki},
 url = {https://wiki.seeedstudio.com/Grove-Gas_Sensor-MQ9/},
 urldate = {2020-09-14T18:17:05.640Z},
 note = {Verfügbar unter \url{https://wiki.seeedstudio.com/Grove-Gas_Sensor-MQ9/}, abgerufen am \date{14. September 2020}}
}


